@book{ebbinghaus2013mathematical,
  title={Mathematical logic},
  author={Ebbinghaus, H-D and Flum, J{\"o}rg and Thomas, Wolfgang},
  year={2013},
  publisher={Springer Science \& Business Media}
}